@misc{ Nobody06,
       author = "Nobody Jr",
       title = "My Article",
       year = "2006" }
       
@article{McCulloch:1943aa,
  added-at = {2016-11-26T13:19:29.000+0100},
  author = {McCulloch, Warren and Pitts, Walter},
  biburl = {https://www.bibsonomy.org/bibtex/2de679aa52afcdd125180792058807f71/machinelearning},
  date-added = {2008-11-14 13:53:15 -0800},
  date-modified = {2008-11-14 13:53:58 -0800},
  interhash = {3e8e0d06f376f3eb95af89d5a2f15957},
  intrahash = {de679aa52afcdd125180792058807f71},
  journal = {Bulletin of Mathematical Biophysics},
  keywords = {imported ml},
  pages = {115-133},
  timestamp = {2016-11-26T13:20:49.000+0100},
  title = {A Logical Calculus of Ideas Immanent in Nervous Activity},
  volume = 5,
  year = 1943
}

@inproceedings{Rumelhart20081B,
  title={1 Backpropagation : The Basic Theory},
  author={David E. Rumelhart and Richard Durbin and Richard Golden and Yves Chauvin},
  year={2008}
}

@article{journals/nn/Qian99,
  added-at = {2018-11-14T00:00:00.000+0100},
  author = {Qian, Ning},
  biburl = {https://www.bibsonomy.org/bibtex/25467c3fc1e5a8200fc01310208258c53/dblp},
  ee = {https://www.wikidata.org/entity/Q52019658},
  interhash = {2b93b2cc86fc9b2dc20e2e367344acb4},
  intrahash = {5467c3fc1e5a8200fc01310208258c53},
  journal = {Neural Networks},
  keywords = {dblp},
  number = 1,
  pages = {145-151},
  timestamp = {2018-11-15T14:32:05.000+0100},
  title = {On the momentum term in gradient descent learning algorithms.},
  url = {http://dblp.uni-trier.de/db/journals/nn/nn12.html#Qian99},
  volume = 12,
  year = 1999
}

@online{pict_neur,
 author  = "Wikiedia Commons,Egm4313.s12 (Prof. Loc Vu-Quoc)",
 urlseen = "22-03-20",
 url     = "https://commons.wikimedia.org/w/index.php?curid=72816083",
}
